
@Article{Ahmad:2001an,
     author    = "Ahmad, Q. R. and others",
     collaboration = "SNO",
     title     = "Measurement of the charged current interactions produced by
                  B-8  solar neutrinos at the Sudbury Neutrino Observatory",
     journal   = "Phys. Rev. Lett.",
     volume    = "87",
     year      = "2001",
     pages     = "071301",
     eprint    = "nucl-ex/0106015",
     SLACcitation  = "%%CITATION = NUCL-EX 0106015;%%"
}
@Article{Ahmad:2002jz,
     author    = "Ahmad, Q. R. and others",
     collaboration = "SNO",
     title     = "Direct evidence for neutrino flavor transformation from
                  neutral-current interactions in the Sudbury Neutrino
                  Observatory",
     journal   = "Phys. Rev. Lett.",
     volume    = "89",
     year      = "2002",
     pages     = "011301",
     eprint    = "nucl-ex/0204008",
     SLACcitation  = "%%CITATION = NUCL-EX 0204008;%%"
}
@Article{Fukuda:1998mi,
     author    = "Fukuda, Y. and others",
     collaboration = "Super-Kamiokande",
     title     = "Evidence for oscillation of atmospheric neutrinos",
     journal   = "Phys. Rev. Lett.",
     volume    = "81",
     year      = "1998",
     pages     = "1562-1567",
     eprint    = "hep-ex/9807003",
     archivePrefix = "arXiv",
     SLACcitation  = "%%CITATION = HEP-EX 9807003;%%"
}

@article{Aartsen_2017,
	doi = {10.1088/1748-0221/12/03/p03012},
	url = {https://doi.org/10.1088%2F1748-0221%2F12%2F03%2Fp03012},
	year = 2017,
	month = {mar},
	publisher = {{IOP} Publishing},
	volume = {12},
	number = {03},
	pages = {P03012--P03012},
	author = {M.G. Aartsen and others},
	title = {The {IceCube} Neutrino Observatory: instrumentation and online systems},
	journal = {Journal of Instrumentation},
	abstract = {The IceCube Neutrino Observatory is a cubic-kilometer-scale   high-energy neutrino detector built into the ice at the South Pole.   Construction of IceCube, the largest neutrino detector built to date, was   completed in 2011 and enabled the discovery of high-energy   astrophysical neutrinos.  We describe here the design, production, and   calibration of the IceCube digital optical module (DOM), the cable   systems, computing hardware, and our methodology for   drilling and deployment. We also describe the online triggering and   data filtering systems that select candidate neutrino and cosmic ray   events for analysis. Due to a rigorous pre-deployment protocol, 98.4\% of   the DOMs in the deep ice are operating and collecting data. IceCube routinely   achieves a detector uptime of 99\% by emphasizing software stability and   monitoring.  Detector operations have been stable since   construction was completed, and the detector is expected to operate at   least until the end of the next decade.}
}

@article{IceCubeUpgrade_ICRC2019,
    title={The IceCube Upgrade -- Design and Science Goals},
    author={Aya Ishihara and others},
    year={2019},
    journal={PoS (ICRC2019) 928},
}


% >>>>>>>>>>>> NEW >>>>>>>

@article{1909.11271,
    Author = {Jose F. Nieves and Sarira Sahu},
    Title = {Neutrino decoherence in a fermion and scalar background},
    Year = {2019},
    Eprint = {arXiv:1909.11271},
    Howpublished = {Phys. Rev. D 100, 115049 (2019)},
    Doi = {10.1103/PhysRevD.100.115049},
}


@article{EPJC802020,
	Author = {Penacchioni, A. V. and Civitarese, O. and Arg{\"u}elles, C. R.},
	Journal = {The European Physical Journal C},
	Number = {3},
	Pages = {183},
	Title = {Testing dark matter distributions by neutrino--dark matter interactions},
	Volume = {80},
	Year = {2020},
}

@article{PhysRevD.53.3099,
  title = {Virtual black holes},
  author = {Hawking, S. W.},
  journal = {Phys. Rev. D},
  volume = {53},
  issue = {6},
  pages = {3099--3107},
  numpages = {0},
  year = {1996},
  month = {Mar},
  publisher = {American Physical Society},
  doi = {10.1103/PhysRevD.53.3099},
  url = {https://link.aps.org/doi/10.1103/PhysRevD.53.3099}
}


@article{Hawking1982,
	Author = {Hawking, S.  W. },
	Journal = {Communications in Mathematical Physics},
	Number = {3},
	Pages = {395--415},
	Title = {The unpredictability of quantum gravity},
	Volume = {87},
	Year = {1982},
}

@article{PhysRevD.102.115003,
  title = {Neutrino decoherence from quantum gravitational stochastic perturbations},
  author = {Stuttard, Thomas and Jensen, Mikkel},
  journal = {Phys. Rev. D},
  volume = {102},
  issue = {11},
  pages = {115003},
  numpages = {15},
  year = {2020},
  month = {Dec},
  publisher = {American Physical Society},
  doi = {10.1103/PhysRevD.102.115003},
  url = {https://link.aps.org/doi/10.1103/PhysRevD.102.115003}
}

@article{CAPOLUPO2019298,
title = "Decoherence in neutrino oscillations, neutrino nature and CPT violation",
journal = "Physics Letters B",
volume = "792",
pages = "298 - 303",
year = "2019",
issn = "0370-2693",
doi = "https://doi.org/10.1016/j.physletb.2019.03.062",
url = "http://www.sciencedirect.com/science/article/pii/S037026931930231X",
author = "A. Capolupo and S.M. Giampaolo and G. Lambiase",
abstract = "We analyze many aspects of the phenomenon of the decoherence for neutrinos propagating in long baseline experiments. We show that, in the presence of an off-diagonal term in the dissipative matrix, the Majorana neutrino can violate the CPT symmetry, which, on the contrary, is preserved for Dirac neutrinos. We show that oscillation formulas for Majorana neutrinos depend on the choice of the mixing matrix U. Indeed, different choices of U lead to different oscillation formulas. Moreover, we study the possibility to reveal the differences between Dirac and Majorana neutrinos in the oscillations. We use the present values of the experimental parameters in order to relate our theoretical proposal with experiments."
}

@article{Mavromatos2010,
	Author = {Mavromatos, Nick E. },
	Journal = {Foundations of Physics},
	Number = {7},
	Pages = {917--960},
	Title = {Decoherence and CPT Violation in a Stringy Model of Space-Time Foam},
	Volume = {40},
	Year = {2010},
}

@article{Ellis:1997jw,
    author = "Ellis, John R. and Mavromatos, N.E. and Nanopoulos, Dimitri V.",
    title = "{Quantum decoherence in a D foam background}",
    eprint = "hep-th/9704169",
    archivePrefix = "arXiv",
    reportNumber = "CERN-TH-97-058, CERN-TH-97-58, CTP-TAMU-22-97, ACT-07-97, OUTP-97-16-P",
    doi = "10.1142/S0217732397001795",
    journal = "Mod. Phys. Lett. A",
    volume = "12",
    pages = "1759--1773",
    year = "1997"
}

@article{doi:10.1142/S0217732397000248,
author = {Ellis, John and Mavromatos, N. E. and Winstanley, Elizabeth and Nanopoulos, D. V.},
title = {Quantum Decoherence in a Four-Dimensional Black Hole Background},
journal = {Modern Physics Letters A},
volume = {12},
number = {04},
pages = {243-256},
year = {1997},
doi = {10.1142/S0217732397000248},
URL = { https://doi.org/10.1142/S0217732397000248},
eprint = { https://doi.org/10.1142/S0217732397000248}
}

@article{PhysRevD.80.124019,
  title = {Quantum light-cone fluctuations in compactified spacetimes},
  author = {Yu, Hongwei and Svaiter, N. F. and Ford, L. H.},
  journal = {Phys. Rev. D},
  volume = {80},
  issue = {12},
  pages = {124019},
  numpages = {17},
  year = {2009},
  month = {Dec},
  publisher = {American Physical Society},
  doi = {10.1103/PhysRevD.80.124019},
  url = {https://link.aps.org/doi/10.1103/PhysRevD.80.124019}
}


@article{PhysRevD.99.075022,
  title = {Probing $CPT$ breaking induced by quantum decoherence at DUNE},
  author = {Carrasco, J. C. and D\'{\i}az, F. N. and Gago, A. M.},
  journal = {Phys. Rev. D},
  volume = {99},
  issue = {7},
  pages = {075022},
  numpages = {11},
  year = {2019},
  month = {Apr},
  publisher = {American Physical Society},
  doi = {10.1103/PhysRevD.99.075022},
  url = {https://link.aps.org/doi/10.1103/PhysRevD.99.075022}
}

@article {eaat1378,
	author = {M.G. Aartsen and others},
	title = {Multimessenger observations of a flaring blazar coincident with high-energy neutrino IceCube-170922A},
	volume = {361},
	number = {6398},
	elocation-id = {eaat1378},
	year = {2018},
	doi = {10.1126/science.aat1378},
	publisher = {American Association for the Advancement of Science},
	issn = {0036-8075},
	URL = {https://science.sciencemag.org/content/361/6398/eaat1378},
	eprint = {https://science.sciencemag.org/content/361/6398/eaat1378.full.pdf},
	journal = {Science}
}

@article{Dvornikov_2020,
	doi = {10.1088/1742-6596/1435/1/012005},
	url = {https://doi.org/10.1088%2F1742-6596%2F1435%2F1%2F012005},
	year = 2020,
	month = {jan},
	publisher = {{IOP} Publishing},
	volume = {1435},
	pages = {012005},
	author = {Maxim Dvornikov},
	title = {Neutrino oscillations in gravitational waves},
	journal = {Journal of Physics: Conference Series},
	abstract = {We study spin and flavor oscillations of neutrinos under the influence of gravitational waves (GWs). We rederive the quasiclassical equation for the evolution of the neutrino spin in various external fields in curved spacetime starting from the Dirac equation for a massive neutrino. Then, we consider neutrino spin oscillations in nonmoving and unpolarized matter, a transverse magnetic field, and a plane GW. We show that a parametric resonance can take place in this system. We also study neutrino flavor oscillations in GWs. The equation for the density matrix of flavor neutrinos is solved when we discuss the neutrino interaction with stochastic GWs emitted by coalescing supermassive black holes. We find the fluxes of cosmic neutrinos, undergoing flavor oscillations in such a gravitational background, which can be potentially measured by a terrestrial detector. Some astrophysical applications of our results are considered.}
}

@article{Mavromatos_2009,
	doi = {10.1088/1742-6596/171/1/012007},
	url = {https://doi.org/10.1088%2F1742-6596%2F171%2F1%2F012007},
	year = 2009,
	month = {jun},
	publisher = {{IOP} Publishing},
	volume = {171},
	pages = {012007},
	author = {Nick E Mavromatos},
	title = {{CPT} Violation and decoherence in quantum gravity},
	journal = {Journal of Physics: Conference Series},
	abstract = {In this brief review I discuss ways and tests of CPT-Violation in the context of quantum gravity theories with space-time foam vacua, which entail quantum decoherence of matter propagating in such backgrounds. I cover a wide variety of sensitive probes, ranging from cosmic neutrinos to meson factories. I pay particular emphasis on associating the latter with specific, probably unique (âsmoking-gunâ), effects of this type of CPT Violation, related to a modification of Einstein-Podolsky-Rosen (EPR) correlations in the entangled states of the relevant neutral mesons. I also present some semi-microscopic estimates of these latter effects, in the context of a specific string-inspired model of space-time foam (âD-particle foamâ).}
}


@article{Ford1999,
	Author = {Ford, L.  H. },
	Journal = {International Journal of Theoretical Physics},
	Number = {11},
	Pages = {2941--2958},
	Title = {Spacetime Metric and Lightcone Fluctuations},
	Volume = {38},
	Year = {1999},
}

@misc{gr-qc/9909085,
Author = {John Ellis and N. E. Mavromatos and D. V. Nanopoulos},
Title = {Probing Models of Quantum Space-Time Foam},
Year = {1999},
Eprint = {arXiv:gr-qc/9909085},
}

@misc{hep-th/9508151,
Author = {Steven B. Giddings},
Title = {The black hole information paradox},
Year = {1995},
Eprint = {arXiv:hep-th/9508151},
}

@book{misner1973gravitation,
  title={Gravitation},
  author={Misner, C.W. and John Archibald Wheeler, C.W.M.K.S.T. and Misner, U.C.W. and Thorne, K.S. and Wheeler, J.A. and W.H. Freeman and Company},
  number={pt. 3},
  isbn={9780716703440},
  lccn={78156043},
  series={Gravitation},
  url={https://books.google.dk/books?id=w4Gigq3tY1kC},
  year={1973},
  publisher={W. H. Freeman}
}

@article{Aartsen:2020fgd,
    author = "Aartsen, M.G. and others",
    collaboration = "IceCube Gen2",
    title = "{IceCube-Gen2: The Window to the Extreme Universe}",
    eprint = "2008.04323",
    archivePrefix = "arXiv",
    primaryClass = "astro-ph.HE",
    month = "8",
    year = "2020"
}

@article{Grange:2015fou,
      author         = "Grange, J. and others",
      title          = "{Muon (g-2) Technical Design Report}",
      collaboration  = "Muon g-2",
      year           = "2015",
      eprint         = "arXiv:1501.06858",
      archivePrefix  = "arXiv",
      primaryClass   = "physics.ins-det",
      reportNumber   = "FERMILAB-FN-0992-E, FERMILAB-DESIGN-2014-02",
      SLACcitation   = "%%CITATION = ARXIV:1501.06858;%%"
}

@article{Vasileiou2015,
	Author = {Vasileiou, Vlasios and Granot, Jonathan and Piran, Tsvi and Amelino-Camelia, Giovanni},
	Journal = {Nature Physics},
	Number = {4},
	Pages = {344--346},
	Title = {A Planck-scale limit on spacetime fuzziness and stochastic Lorentz invariance violation},
	Volume = {11},
	Year = {2015}
}

@inproceedings{Mavromatos:2005mi,
    author = "Mavromatos, Nick E.",
    title = "{CPT violation: Theory and phenomenology}",
    booktitle = "{2nd International Conference on Exotic Atoms and Related Topics}",
    eprint = "hep-ph/0504143",
    archivePrefix = "arXiv",
    pages = "361--372",
    month = "4",
    year = "2005"
}

@article{RalfLehnert:2016grl,
    author = "Lehnert, Ralf",
    title = "{CPT Symmetry and Its Violation}",
    doi = "10.3390/sym8110114",
    journal = "Symmetry",
    volume = "8",
    number = "11",
    pages = "114",
    year = "2016"
}

@article{Barenboim:2017ewj,
    author = "Barenboim, Gabriela and Ternes, Christoph Andreas and T\'ortola, Mariam",
    title = "{Neutrinos, DUNE and the world best bound on CPT invariance}",
    eprint = "1712.01714",
    archivePrefix = "arXiv",
    primaryClass = "hep-ph",
    reportNumber = "FTUV-17-11-29, IFIC-17-57",
    doi = "10.1016/j.physletb.2018.03.060",
    journal = "Phys. Lett. B",
    volume = "780",
    pages = "631--637",
    year = "2018"
}

@article{Ohlsson:2014cha,
    author = "Ohlsson, Tommy and Zhou, Shun",
    title = "{Extrinsic and Intrinsic CPT Asymmetries in Neutrino Oscillations}",
    eprint = "1408.4722",
    archivePrefix = "arXiv",
    primaryClass = "hep-ph",
    doi = "10.1016/j.nuclphysb.2015.02.015",
    journal = "Nucl. Phys. B",
    volume = "893",
    pages = "482--500",
    year = "2015"
}

@article{TAKEUCHI201279,
title = {Results from Super-Kamiokande},
journal = {Nuclear Physics B - Proceedings Supplements},
volume = {229-232},
pages = {79-84},
year = {2012},
note = {Neutrino 2010},
issn = {0920-5632},
doi = {https://doi.org/10.1016/j.nuclphysbps.2012.09.013},
url = {https://www.sciencedirect.com/science/article/pii/S0920563212002307},
author = {Y. Takeuchi},
keywords = {Solar neutrino, Atmospheric neutrino},
abstract = {The recent results from Super-Kamiokande (SK) are reported. On atmospheric neutrino analysis, we have performed a full 3-flavor oscillation analysis with SK-I+II+III data. A CPT violation study on atmospheric neutrinois also done with SK-I+II+III data. On solar neutrino analysis, a 3-flavor oscillation analysis with SK-III data is performed.}
}

@article{Adamson:2013whj,
    author = "Adamson, P. and others",
    collaboration = "MINOS",
    title = "{Measurement of Neutrino and Antineutrino Oscillations Using Beam and Atmospheric Data in MINOS}",
    eprint = "1304.6335",
    archivePrefix = "arXiv",
    primaryClass = "hep-ex",
    reportNumber = "FERMILAB-PUB-13-102-PPD",
    doi = "10.1103/PhysRevLett.110.251801",
    journal = "Phys. Rev. Lett.",
    volume = "110",
    number = "25",
    pages = "251801",
    year = "2013"
}

@article{Barenboim:2004wu,
    author = "Barenboim, Gabriela and Mavromatos, Nick E.",
    title = "{CPT violating decoherence and LSND: A Possible window to Planck scale physics}",
    eprint = "hep-ph/0404014",
    archivePrefix = "arXiv",
    doi = "10.1088/1126-6708/2005/01/034",
    journal = "JHEP",
    volume = "01",
    pages = "034",
    year = "2005"
}

@article{Carrasco:2018sca,
    author = "Carrasco, J. C. and D\'\i{}az, F. N. and Gago, A. M.",
    title = "{Probing CPT breaking induced by quantum decoherence at DUNE}",
    eprint = "1811.04982",
    archivePrefix = "arXiv",
    primaryClass = "hep-ph",
    doi = "10.1103/PhysRevD.99.075022",
    journal = "Phys. Rev. D",
    volume = "99",
    number = "7",
    pages = "075022",
    year = "2019"
}

@article{Delgado:2014kpa,
      author         = "Arg{\"{u}}elles Delgado, Carlos A. and Salvad{\'{o}}, Jordi and
                        Weaver, Christopher N.",
      title          = "{A Simple Quantum Integro-Differential Solver (SQuIDS)}",
      journal        = "Comput. Phys. Commun.",
      volume         = "196",
      year           = "2015",
      pages          = "569-591",
      doi            = "10.1016/j.cpc.2015.06.022",
      eprint         = "1412.3832",
      archivePrefix  = "arXiv",
      primaryClass   = "hep-ph",
      SLACcitation   = "%%CITATION = ARXIV:1412.3832;%%"
}

@misc{nusquidsGIT,
    author = "Arg{\"{u}}elles Delgado, Carlos A. and Salvad{\'{o}}, Jordi and Weaver, Christopher N.",
    title = "{nuSQuIDS}",
  howpublished = {\url{https://github.com/arguelles/nuSQuIDS}},
  url = "{https://github.com/arguelles/nuSQuIDS}"
}


@misc{NOvA_CP_result,
  author = "Himmel, A.",
  title = "{New Oscillation Results from the NOvA Experiment}",
  howpublished = {Neutrino 2020},
  url = {https://indico.fnal.gov/event/43209/contributions/187840/attachments/130740/159597/NOvA-Oscilations-NEUTRINO2020.pdf},
}


@article{Abe:2019vii,
    author = "Abe, K. and others",
    collaboration = "T2K",
    title = "{Constraint on the matter\textendash{}antimatter symmetry-violating phase in neutrino oscillations}",
    eprint = "1910.03887",
    archivePrefix = "arXiv",
    primaryClass = "hep-ex",
    doi = "10.1038/s41586-020-2177-0",
    journal = "Nature",
    volume = "580",
    number = "7803",
    pages = "339--344",
    year = "2020",
    note = "[Erratum: Nature 583, E16 (2020)]"
}


@article{NuFactProceedings,
    title={Neutrino oscillations and PMNS unitarity with IceCube/DeepCore and the IceCube Upgrade},
    author={\textbf{T. Stuttard} and others},
    collaboration  = "IceCube",
    year={2020},
    journal={PoS (NuFact2019) 099},
}

@article{PauliLightcone,
    author = {W. Pauli},
    journal = {Helv. Phys. Acta. Suppl. 4, No. 69.},
    year = "1956",
}

@article{PhysRevLett.85.1166,
  title = {Probing Possible Decoherence Effects in Atmospheric Neutrino Oscillations},
  author = {Lisi, E. and Marrone, A. and Montanino, D.},
  journal = {Phys. Rev. Lett.},
  volume = {85},
  issue = {6},
  pages = {1166--1169},
  numpages = {0},
  year = {2000},
  month = {Aug},
  publisher = {American Physical Society},
  doi = {10.1103/PhysRevLett.85.1166},
  url = {https://link.aps.org/doi/10.1103/PhysRevLett.85.1166}
}


@article{Hawking,
	Abstract = {Quantum gravity seems to introduce a new level of unpredictability into physics over and above that normally associated with the uncertainty principle. This is because the metric of spacetime can fluctuate from being globally hyperbolic. In other words, the evolution is not completely determined by Cauchy data at past or future infinity. I present a number of axioms that the asymptotic Green functions should obey in any reasonable theory of quantum gravity. These axioms are the same as for ordinary quantum field theory in flat spacetime, except that one axiom, that of asymptotic completeness, is omitted. This allows pure quantum states to decay into mixed states. Calculations with simple models of topologically non-trivial spacetime indicate that such loss of quantum coherence will occur but that the effect will be very small except for fundamental scalar particles, if any such exist.},
	Author = {Hawking, S.  W. },
	Da = {1982/12/01},
	Date-Added = {2020-03-31 12:13:54 +0000},
	Date-Modified = {2020-03-31 12:13:54 +0000},
	Doi = {10.1007/BF01206031},
	Id = {Hawking1982},
	Isbn = {1432-0916},
	Journal = {Communications in Mathematical Physics},
	Number = {3},
	Pages = {395--415},
	Title = {The unpredictability of quantum gravity},
	Ty = {JOUR},
	Url = {https://doi.org/10.1007/BF01206031},
	Volume = {87},
	Year = {1982},
	Bdsk-Url-1 = {https://doi.org/10.1007/BF01206031},
	Bdsk-Url-2 = {http://dx.doi.org/10.1007/BF01206031},
}


@article{PhysRev.97.511,
  title = {Geons},
  author = {Wheeler, John Archibald},
  journal = {Phys. Rev.},
  volume = {97},
  issue = {2},
  pages = {511--536},
  numpages = {0},
  year = {1955},
  month = {Jan},
  publisher = {American Physical Society},
  doi = {10.1103/PhysRev.97.511},
  url = {https://link.aps.org/doi/10.1103/PhysRev.97.511}
}


@misc{gago2002study,
    title={A study on quantum decoherence phenomena with three generations of neutrinos},
    author={A. M. Gago and E. M. Santos and W. J. C. Teves and R. Zukanovich Funchal},
    year={2002},
    eprint={hep-ph/0208166},
    archivePrefix={arXiv},
    primaryClass={hep-ph}
}

@article{Benatti_2000,
	doi = {10.1088/1126-6708/2000/02/032},
	url = {https://doi.org/10.1088%2F1126-6708%2F2000%2F02%2F032},
	year = 2000,
	month = {feb},
	publisher = {Springer Science and Business Media {LLC}},
	volume = {2000},
	number = {02},
	pages = {032--032},
	author = {Fabio Benatti and Roberto Floreanini},
	title = {Open system approach to neutrino oscillations},
	journal = {Journal of High Energy Physics},
	abstract = {Neutrino oscillations  are studied in  the general framework
of open quantum  systems by means of extended  dynamics that take into
account  possible  dissipative  effects.  These new  phenomena  induce
modifications in the neutrino  oscillation pattern that in general can
be parametrized  by means of six  phenomenological constants. Although
very  small, stringent  bounds on  these parameters  are likely  to be
given by future planned neutrino experiments.}
}

@article{Sakharov_1991,
	doi = {10.1070/pu1991v034n05abeh002497},
	url = {https://doi.org/10.1070/pu1991v034n05abeh002497},
	year = 1991,
	month = {may},
	publisher = {{IOP} Publishing},
	volume = {34},
	number = {5},
	pages = {392--393},
	author = {Andrei D Sakharov},
	title = {Violation {ofCPin} variance,Casymmetry, and baryon asymmetry of the universe},
	journal = {Soviet Physics Uspekhi},
	abstract = {}
}

@misc{2103.15313,
    Author = {Stuttard, T.},
    title = "{Neutrino signals of lightcone fluctuations resulting from fluctuating space-time}",
    eprint = "arXiv:2103.15313",
    archivePrefix = "arXiv",
    primaryClass = "hep-ex",
    month = "3",
    year = "2021"
}

@article{Aartsen:2018vez,
    author = "Aartsen, M. G. and others",
    collaboration = "IceCube",
    title = "{Measurements using the inelasticity distribution of multi-TeV neutrino interactions in IceCube}",
    eprint = "1808.07629",
    archivePrefix = "arXiv",
    primaryClass = "hep-ex",
    doi = "10.1103/PhysRevD.99.032004",
    journal = "Phys. Rev. D",
    volume = "99",
    number = "3",
    pages = "032004",
    year = "2019"
}

@article{Li:2016kra,
    author = "Li, Shirley Weishi and Bustamante, Mauricio and Beacom, John F.",
    title = "{Echo Technique to Distinguish Flavors of Astrophysical Neutrinos}",
    eprint = "1606.06290",
    archivePrefix = "arXiv",
    primaryClass = "astro-ph.HE",
    doi = "10.1103/PhysRevLett.122.151101",
    journal = "Phys. Rev. Lett.",
    volume = "122",
    number = "15",
    pages = "151101",
    year = "2019"
}

@article{AmelinoCamelia:2008qg,
    author = "Amelino-Camelia, Giovanni",
    title = "{Quantum-Spacetime Phenomenology}",
    eprint = "0806.0339",
    archivePrefix = "arXiv",
    primaryClass = "gr-qc",
    doi = "10.12942/lrr-2013-5",
    journal = "Living Rev. Rel.",
    volume = "16",
    pages = "5",
    year = "2013"
}

@article{PhysRevD.97.115017,
  title = {Revisiting quantum decoherence for neutrino oscillations in matter with constant density},
  author = {Carpio, J. A. and Massoni, E. and Gago, A. M.},
  journal = {Phys. Rev. D},
  volume = {97},
  issue = {11},
  pages = {115017},
  numpages = {13},
  year = {2018},
  month = {Jun},
  publisher = {American Physical Society},
  doi = {10.1103/PhysRevD.97.115017},
  url = {https://link.aps.org/doi/10.1103/PhysRevD.97.115017}
}
@article{Hellmann:2021jyz,
    author = {Hellmann, Dominik and P\"as, Heinrich and Rani, Erika},
    title = "{Searching New Particles at Neutrino Telescopes with Quantum-Gravitational Decoherence}",
    eprint = "2103.11984",
    archivePrefix = "arXiv",
    primaryClass = "hep-ph",
    reportNumber = "DO-TH 21/10",
    month = "3",
    year = "2021"
}

@article{PhysRevD.100.096014,
  title = {Neutrino flavor oscillations in stochastic gravitational waves},
  author = {Dvornikov, Maxim},
  journal = {Phys. Rev. D},
  volume = {100},
  issue = {9},
  pages = {096014},
  numpages = {9},
  year = {2019},
  month = {Nov},
  publisher = {American Physical Society},
  doi = {10.1103/PhysRevD.100.096014},
  url = {https://link.aps.org/doi/10.1103/PhysRevD.100.096014}
}

@article{Buoninfante:2020iyr,
    author = "Buoninfante, Luca and Capolupo, Antonio and Giampaolo, Salvatore M. and Lambiase, Gaetano",
    title = "{Revealing neutrino nature and $CPT$ violation with decoherence effects}",
    eprint = "2001.07580",
    archivePrefix = "arXiv",
    primaryClass = "hep-ph",
    doi = "10.1140/epjc/s10052-020-08549-9",
    journal = "Eur. Phys. J. C",
    volume = "80",
    number = "11",
    pages = "1009",
    year = "2020"
}

@misc{1904.02518,
    Author = {Shao-Feng Ge and Hitoshi Murayama},
    Title = {Apparent CPT Violation in Neutrino Oscillation from Dark Non-Standard Interactions},
    Year = {2019},
    Eprint = {arXiv:1904.02518},
}

@article{Capozzi:2018bps,
    author = "Capozzi, Francesco and Shoemaker, Ian M. and Vecchi, Luca",
    title = "{Neutrino Oscillations in Dark Backgrounds}",
    eprint = "1804.05117",
    archivePrefix = "arXiv",
    primaryClass = "hep-ph",
    doi = "10.1088/1475-7516/2018/07/004",
    journal = "JCAP",
    volume = "07",
    pages = "004",
    year = "2018"
}

@article{Capolupo:2020myw,
    author = "Capolupo, Antonio and Giampaolo, Salvatore Marco and Quaranta, Aniello",
    title = "{Neutrinos in a dense medium, CP and CPT violations: Beyond the MSW effect}",
    eprint = "2008.08119",
    archivePrefix = "arXiv",
    primaryClass = "hep-ph",
    month = "8",
    year = "2020"
}

@article{Mavromatos:2017cxr,
    author = "Mavromatos, Nick E.",
    title = "{Matter-Antimatter Asymmetry in the Universe via String-Inspired CPT Violation at Early Eras}",
    eprint = "1708.08350",
    archivePrefix = "arXiv",
    primaryClass = "hep-ph",
    doi = "10.1088/1742-6596/952/1/012006",
    journal = "J. Phys. Conf. Ser.",
    volume = "952",
    number = "1",
    pages = "012006",
    year = "2018"
}